@article{Howells2011,
  title        = {OSeMOSYS: The Open Source Energy Modeling System â€” An introduction to its ethos, structure and development},
  author       = {Howells, Mark and Rogner, Holger and Strachan, Neil and Heaps, Charles and Huntington, Hillard and Kypreos, Socrates and Hughes, Alison and Silveira, Semida and DeCarolis, Joe and Bazillian, Morgan and Roehrl, Alexander},
  journal      = {Energy Policy},
  volume       = {39},
  number       = {10},
  pages        = {5850--5870},
  year         = {2011},
  issn         = {0301-4215},
  doi          = {10.1016/j.enpol.2011.06.033},
  url          = {https://www.sciencedirect.com/science/article/pii/S0301421511004962},
  publisher    = {Elsevier},
  note         = {Received 24 September 2010; Accepted 15 June 2011; Available online 31 July 2011}
}

@misc{githubrepo,
  author       = {OSeMOSYS Implementation in Python PuLP},
  title        = {OSeMOSYS: The Open Source Energy Modeling System},
  author       = {Kumar, Shravan},
  howpublished = {\url{https://github.com/OSeMOSYS/OSeMOSYS_PuLP}}
}


@article{Dreier2019,
  author    = {Dennis Dreier and Mark Howells},
  title     = {OSeMOSYS-PuLP: A Stochastic Modeling Framework for Long-Term Energy Systems Modeling},
  journal   = {Energies},
  year      = {2019},
  volume    = {12},
  number    = {7},
  pages     = {1382},
  doi       = {10.3390/en12071382},
  url       = {https://doi.org/10.3390/en12071382}
}

@article{Gardumi2018,
  author    = {Francesco Gardumi and Abhishek Shivakumar and Robbie Morrison and Constantinos Taliotis and Oliver Broad and Agnese Beltramo and Vignesh Sridharan and Mark Howells and Jonas H{\"o}rsch and Taco Niet and Youssef Almulla and Eunice Ramos and Thorsten Burandt and Gabriela Pe{\~n}a Balderrama and Gustavo Nikolaus Pinto de Moura and Eduardo Zepeda and Thomas Alfstad},
  title     = {From the development of an open-source energy modelling tool to its application and the creation of communities of practice: The example of OSeMOSYS},
  journal   = {Energy Strategy Reviews},
  year      = {2018},
  volume    = {20},
  pages     = {209--228},
  issn      = {2211-467X},
  doi       = {10.1016/j.esr.2018.03.005},
  url       = {https://doi.org/10.1016/j.esr.2018.03.005}
}
